@misc{GLFW,
  title = {GLFW, an Open Source, multi-platform library for OpenGL, OpenGL ES and Vulkan development on the desktop. It provides a simple API for creating windows, contexts and surfaces, receiving input and events.},
  howpublished = {\url{https://www.glfw.org/}},
}

@misc{GLEW,
  title = {The OpenGL Extension Wrangler Library (GLEW) is a cross-platform open-source C/C++ extension loading library. GLEW provides efficient run-time mechanisms for determining which OpenGL extensions are supported on the target platform. OpenGL core and extension functionality is exposed in a single header file.},
  howpublished = {\url{http://glew.sourceforge.net/}},
}

@misc{GLM,
  title = {GLSL + Optional features = OpenGL Mathematics (GLM). A C++ mathematics library for graphics programming},
  howpublished = {\url{https://glm.g-truc.net/}},
}

@misc{ASSIMP,
  title = {The Open Asset Import Library (short name: Assimp) is a portable Open-Source library to import various well-known 3D model formats in a uniform manner. },
  howpublished = {\url{https://www.assimp.org/}},
}

@misc{STB,
  title = {single-file public domain (or MIT licensed) libraries for C/C++},
  howpublished = {\url{https://github.com/nothings/stb}},
}

@misc{IRRKLANG,
  title = {irrKlang is a high level 2D and 3D cross platform (Windows, macOS, Linux) sound engine and audio library which plays WAV, MP3, OGG, FLAC, MOD, XM, IT, S3M and more},
  howpublished = {\url{https://www.ambiera.com/irrklang/}},
}

@misc{FMT,
  title = {fmt is an open-source formatting library for C++. It can be used as a safe and fast alternative to (s)printf and iostreams.},
  howpublished = {\url{https://github.com/fmtlib/fmt}},
}

@misc{IMGUI,
  title = {Dear ImGui is a bloat-free graphical user interface library for C++. It outputs optimized vertex buffers that you can render anytime in your 3D-pipeline enabled application. It is fast, portable, renderer agnostic and self-contained (no external dependencies).},
  howpublished = {\url{https://github.com/ocornut/imgui}},
}